<record><leader>00000cas a2200000 a 4500</leader><controlfield tag="001">9588307</controlfield><controlfield tag="008">830608d18391897nyuwr ne      0    0eng c</controlfield><datafield ind1=" " ind2=" " tag="010"><subfield code="a">sn 83030554 </subfield></datafield><datafield ind1=" " ind2=" " tag="040"><subfield code="a">NPU</subfield><subfield code="b">eng</subfield><subfield code="c">NPU</subfield><subfield code="d">NPX</subfield><subfield code="d">NPA</subfield><subfield code="d">DLC</subfield><subfield code="d">YOX</subfield><subfield code="d">MGN</subfield><subfield code="d">NYS</subfield><subfield code="d">NVF</subfield><subfield code="d">CNK</subfield><subfield code="d">NVF</subfield><subfield code="d">NVK</subfield><subfield code="d">NYS</subfield><subfield code="d">NVK</subfield><subfield code="d">OCL</subfield><subfield code="d">DLC</subfield><subfield code="d">NYS</subfield><subfield code="d">DLC</subfield><subfield code="d">KRTAS</subfield><subfield code="d">DLC</subfield><subfield code="d">CRL</subfield><subfield code="d">OCLCQ</subfield><subfield code="d">OCLCF</subfield><subfield code="d">OCLCO</subfield><subfield code="d">CRL</subfield></datafield><datafield ind1=" " ind2=" " tag="042"><subfield code="a">pcc</subfield></datafield><datafield ind1=" " ind2=" " tag="043"><subfield code="a">n-us-ny</subfield></datafield><datafield ind1="0" ind2="0" tag="050"><subfield code="a">Newspaper</subfield></datafield><datafield ind1="0" ind2=" " tag="130"><subfield code="a">Sunday Mercury (New York, N.Y.)</subfield></datafield><datafield ind1="1" ind2="0" tag="245"><subfield code="a">Sunday Mercury.</subfield></datafield><datafield ind1="1" ind2="3" tag="246"><subfield code="a">New York Sunday Mercury</subfield></datafield><datafield ind1=" " ind2=" " tag="260"><subfield code="a">New York [N.Y.] :</subfield><subfield code="b">Paige, Wilson &amp; Brown,</subfield><subfield code="c">1839-</subfield></datafield><datafield ind1=" " ind2=" " tag="300"><subfield code="a">v. :</subfield><subfield code="b">ill. ;</subfield><subfield code="c">53-63 cm.</subfield></datafield><datafield ind1=" " ind2=" " tag="310"><subfield code="a">Weekly</subfield></datafield><datafield ind1=" " ind2=" " tag="336"><subfield code="a">text</subfield><subfield code="b">txt</subfield><subfield code="2">rdacontent</subfield></datafield><datafield ind1=" " ind2=" " tag="337"><subfield code="a">unmediated</subfield><subfield code="b">n</subfield><subfield code="2">rdamedia</subfield></datafield><datafield ind1=" " ind2=" " tag="338"><subfield code="a">volume</subfield><subfield code="b">nc</subfield><subfield code="2">rdacarrier</subfield></datafield><datafield ind1="0" ind2=" " tag="362"><subfield code="a">Vol. 1, no. 25 (Oct. 27, 1839)-</subfield></datafield><datafield ind1="1" ind2=" " tag="362"><subfield code="a">Ceased in Nov. 1897?</subfield></datafield><datafield ind1=" " ind2=" " tag="500"><subfield code="a">Special issue, Christmas 1842: Sunday Mercury. Spoons' picture gallery.</subfield></datafield><datafield ind1=" " ind2=" " tag="500"><subfield code="a">Publishers: E.G. Paige &amp; J.H. Wilson, 1839; Paige, Wilson &amp; Nichols, 1839-1840; Paige &amp; Nichols, 1840-&lt;1841&gt;; Paige, Nichols &amp; Krauth, &lt;1842-1848&gt;; Krauth &amp; Cauldwell, &lt;1854&gt;-1855; Krauth, Cauldwell &amp; Southworth, &lt;1855&gt;; Cauldwell, Southworth &amp; Whitney, &lt;1858-1861&gt;; Cauldwell &amp; Whitney, &lt;1862-1870&gt;; William Cauldwell, &lt;1876&gt;.</subfield></datafield><datafield ind1=" " ind2=" " tag="500"><subfield code="a">Editors: Krauth, Cauldwell &amp; Southworth, &lt;1855&gt;; Cauldwell, Southworth &amp; Whitney, &lt;1858-1861&gt;; Cauldwell &amp; Whitney, &lt;1867&gt;; William Cauldwell, &lt;1876&gt;.</subfield></datafield><datafield ind1=" " ind2=" " tag="530"><subfield code="a">Available on microfilm from: the Library of Congress Photoduplication Service; New York Public Library.</subfield></datafield><datafield ind1=" " ind2=" " tag="580"><subfield code="a">Three editions : 1st ed. for Far West and South, Sunday Mercury (New York, N.Y. : Country ed.), issued 1:00 Friday for delivery; 2nd ed. for Eastern and Middle States, issued 4:00 Sat. for delivery; 3rd ed. for city and suburbs, Sunday Mercury (New York, N.Y.), issued Sunday morning.</subfield></datafield><datafield ind1=" " ind2="0" tag="651"><subfield code="a">New York (N.Y.)</subfield><subfield code="v">Newspapers.</subfield></datafield><datafield ind1=" " ind2="0" tag="651"><subfield code="a">New York County (N.Y.)</subfield><subfield code="v">Newspapers.</subfield></datafield><datafield ind1=" " ind2="7" tag="651"><subfield code="a">New York (State)</subfield><subfield code="z">New York.</subfield><subfield code="2">fast</subfield><subfield code="0">(OCoLC)fst01204333</subfield></datafield><datafield ind1=" " ind2="7" tag="651"><subfield code="a">New York (State)</subfield><subfield code="z">New York County.</subfield><subfield code="2">fast</subfield><subfield code="0">(OCoLC)fst01234953</subfield></datafield><datafield ind1=" " ind2="7" tag="655"><subfield code="a">Newspapers.</subfield><subfield code="2">fast</subfield><subfield code="0">(OCoLC)fst01423814</subfield></datafield><datafield ind1="0" ind2=" " tag="730"><subfield code="a">Sunday Mercury.</subfield><subfield code="p">Spoons' picture gallery.</subfield></datafield><datafield ind1=" " ind2=" " tag="752"><subfield code="a">United States</subfield><subfield code="b">New York</subfield><subfield code="c">New York</subfield><subfield code="d">New York.</subfield></datafield><datafield ind1="1" ind2=" " tag="775"><subfield code="t">Sunday Mercury (New York, N.Y. : Country ed.)</subfield><subfield code="w">(DLC)sn 98068149</subfield><subfield code="w">(OCoLC)40606030</subfield></datafield><datafield ind1="0" ind2=" " tag="775"><subfield code="t">New-York Mercury (New York, N.Y. : 1839)</subfield><subfield code="w">(DLC)sn 83030600</subfield><subfield code="w">(OCoLC)9632497</subfield></datafield><datafield ind1="0" ind2="8" tag="776"><subfield code="i">Online version:</subfield><subfield code="t">Sunday Mercury (New York, N.Y.)</subfield><subfield code="w">(OCoLC)809921356</subfield></datafield><datafield ind1="0" ind2="0" tag="780"><subfield code="t">Sunday morning visiter</subfield><subfield code="w">(DLC)sn 83030630</subfield><subfield code="w">(OCoLC)9592270</subfield></datafield><datafield ind1="0" ind2="0" tag="785"><subfield code="t">Morning telegraph (New York, N.Y. : 1897)</subfield><subfield code="w">(DLC)sn 83030648</subfield><subfield code="w">(OCoLC)9609206</subfield></datafield><datafield ind1=" " ind2=" " tag="938"><subfield code="a">Kirtas Technologies, Inc.</subfield><subfield code="b">KRTS</subfield><subfield code="n">736848</subfield></datafield><datafield ind1="1" ind2=" " tag="029"><subfield code="a">AU@</subfield><subfield code="b">000025906921</subfield></datafield></record>